@online{raspberry2019brief,
    title = {Raspberry Pi 4 Model B Product Brief},
    date = {2019-06},
    organization = {Raspberry Pi Foundation},
    url = {https://static.raspberrypi.org/files/product-briefs/Raspberry-Pi-4-Product-Brief.pdf},
    urldate = {2019-10-14},
    year = {2019}
}
@online{arduino2019mega,
    url = {https://store.arduino.cc/arduino-mega-2560-rev3},
    urldate = {2019-10-15},
    title = {Arduino MEGA 2560 Rev3},
    organization = {Arduino},
    year = {2019}
}
@online{arduino2019uno,
    url = {https://store.arduino.cc/arduino-uno-rev3},
    urldate = {2019-10-15},
    title = {Arduino Uno Rev3},
    organization = {Arduino},
    year = {2019}
}
@online{raspberry2019buy,
    url = {https://www.raspberrypi.org/products/},
    urldate = {2019-10-15},
    title = {Buy a Raspberry Pi --- Raspberry Pi},
    organization = {Raspberry Pi Foundation},
    year = {2019}
}
@online{arduino2019products,
    url = {https://www.arduino.cc/en/Main/Products},
    urldate = {2019-10-15},
    title = {Arduino --- Products},
    organization = {Arduino},
    year = {2019}
}
@online{arduino2019yun,
    url = {https://store.arduino.cc/arduino-yun},
    urldate = {2019-10-15},
    title = {Arduino Y{\'U}N},
    organization = {Arduino},
    year = {2019}
}
@online{arduino2019leonardo,
    url = {https://store.arduino.cc/leonardo},
    urldate = {2019-10-15},
    title = {Arduino Leonardo with Headers},
    organization = {Arduino},
    year = {2019}
}
@article{kumar2015arduino,
    title={Arduino ATMEGA-328 microcontroller},
    author={Kumar, RH and Roopa, AU and Sathiya, DEVI4 P},
    journal={International journal of innovative research in electrical, electronics, instrumentation and control engineering},
    volume={3},
    number={4},
    pages={27--29},
    year={2015}
}
@online{arduino2019faq,
    url = {https://www.arduino.cc/en/Main/FAQ#toc3},
    urldate = {2019-10-16},
    title = {Arduino --- FAQ},
    organization = {Arduino},
    year = {2019}
}
@inproceedings{jamieson2011arduino,
    title={Arduino for teaching embedded systems. are computer scientists and engineering educators missing the boat?},
    author={Jamieson, Peter},
    booktitle={Proceedings of the International Conference on Frontiers in Education: Computer Science and Computer Engineering (FECS)},
    pages={1},
    year={2011},
    organization={The Steering Committee of The World Congress in Computer Science, Computer~â€¦}
}
@inproceedings{rubio2013using,
    title={Using arduino to enhance computer programming courses in science and engineering},
    author={Rubio, Miguel A and Hierro, Carolina Ma{\~n}oso and Pablo, APDM},
    booktitle={Proceedings of EDULEARN13 conference},
    pages={1--3},
    year={2013},
    organization={IATED Barcelona, Spain}
}
@video{raspberry2015what,
    url = {https://www.youtube.com/watch?v=uXUjwk2-qx4},
    urldate = {2019-10-19},
    title = {What is a Raspberry Pi?},
    author = {Saladhouse and Mather, Amy},
    date = {2015-04-14},
    organization = {Raspberry Pi Foundation},
}
@online{innovu2019fotolijst,
    url = {https://www.innovu.nl/shop/digitale-fotolijst/claudia-wifi-digitale-fotolijst-10-1-inch-wit/},
    urldate = {2019-10-05},
    title = {CLAUDIA --- grote digitale fotolijst --- internet fotolijst wit | Innovu webshop},
    organization = {Innovu BV},
    year = {2019},
}
@online{raspberry2019raspberry,
    url = {https://www.raspberrypi.org/},
    urldate = {2019-10-05},
    title = {Raspberry Pi},
    organization = {Raspberry Pi Foundation},
    year = {2019},
}
@online{arduino2019arduino,
    url = {https://www.arduino.cc/},
    urldate = {2019-10-05},
    title = {Arduino},
    organization = {Arduino},
    year = {2019},
}
@inproceedings{jain2014raspberry,
  title={Raspberry Pi based interactive home automation system through E-mail},
  author={Jain, Sarthak and Vaibhav, Anant and Goyal, Lovely},
  booktitle={2014 International Conference on Reliability Optimization and Information Technology (ICROIT)},
  pages={277--280},
  year={2014},
  organization={IEEE}
}
@article{maksimovic2014raspberry,
  title={Raspberry Pi as Internet of things hardware: performances and constraints},
  author={Maksimovi{\'c}, Mirjana and Vujovi{\'c}, Vladimir and Davidovi{\'c}, Nikola and Milo{\v{s}}evi{\'c}, Vladimir and Peri{\v{s}}i{\'c}, Branko},
  journal={design issues},
  volume={3},
  number={8},
  year={2014}
}

